@incollection{alcantara2009real,
  title={Real-time parallel hashing on the GPU},
  author={Alcantara, Dan A and Sharf, Andrei and Abbasinejad, Fatemeh and Sengupta, Shubhabrata and Mitzenmacher, Michael and Owens, John D and Amenta, Nina},
  booktitle={ACM SIGGRAPH Asia 2009 papers},
  pages={1--9},
  year={2009}
}
@inproceedings{zhou2015massively,
  title={Massively parallel A* search on a GPU},
  author={Zhou, Yichao and Zeng, Jianyang},
  booktitle={Twenty-Ninth AAAI Conference on Artificial Intelligence},
  year={2015}
}